<?xml version="1.0" encoding="UTF-8"?><record xmlns="http://www.loc.gov/MARC21/slim" xmlns:cinclude="http://apache.org/cocoon/include/1.0" xmlns:zs="http://www.loc.gov/zing/srw/">
  <leader>00483cz  a2200133n  4500</leader>
  <controlfield tag="001">n  84118447 </controlfield>
  <controlfield tag="003">DLC</controlfield>
  <controlfield tag="005">19990930173313.0</controlfield>
  <controlfield tag="008">840627n| acannaab           |a aaa      </controlfield>
  <datafield tag="010" ind1=" " ind2=" ">
    <subfield code="a">n  84118447 </subfield>
  </datafield>
  <datafield tag="040" ind1=" " ind2=" ">
    <subfield code="a">Wa</subfield>
    <subfield code="c">DLC</subfield>
    <subfield code="d">DLC</subfield>
  </datafield>
  <datafield tag="100" ind1="1" ind2="0">
    <subfield code="a">Lindner, G. M.</subfield>
    <subfield code="q">(Gary M.)</subfield>
  </datafield>
  <datafield tag="400" ind1="1" ind2="0">
    <subfield code="a">Lindner, Gary M.</subfield>
  </datafield>
  <datafield tag="670" ind1=" " ind2=" ">
    <subfield code="a">Wright, R.W. Bovine embryo morphology and evaluation, 1983?:</subfield>
    <subfield code="b">t.p. (G.M. Lindner) p. 1, etc. (Gary M. Lindner, International Embryo Research Associates Bovine Test Center, Oakdale, CA)</subfield>
  </datafield>
</record>